<record><leader>00000cas a2200000 a 4500</leader><controlfield tag="001">14403715</controlfield><controlfield tag="008">861016d19301965wiusr ne      0    0fin c</controlfield><datafield ind1=" " ind2=" " tag="010"><subfield code="a">sn 86086576 </subfield></datafield><datafield ind1=" " ind2=" " tag="040"><subfield code="a">NPV</subfield><subfield code="b">eng</subfield><subfield code="c">NPV</subfield><subfield code="d">OCL</subfield><subfield code="d">MN#</subfield><subfield code="d">MHN</subfield><subfield code="d">OCLCQ</subfield><subfield code="d">OCLCF</subfield><subfield code="d">OCLCO</subfield></datafield><datafield ind1=" " ind2=" " tag="019"><subfield code="a">1554977</subfield></datafield><datafield ind1="1" ind2=" " tag="029"><subfield code="a">AU@</subfield><subfield code="b">000020432958</subfield></datafield><datafield ind1=" " ind2=" " tag="042"><subfield code="a">pcc</subfield></datafield><datafield ind1=" " ind2=" " tag="043"><subfield code="a">n-us-wi</subfield></datafield><datafield ind1=" " ind2=" " tag="090"><subfield code="a">HD3443</subfield><subfield code="b">.T93</subfield></datafield><datafield ind1="0" ind2="0" tag="245"><subfield code="a">Tyo&#776;va&#776;en osuustoimintalehti.</subfield></datafield><datafield ind1="3" ind2="0" tag="246"><subfield code="a">Finnish cooperative weekly</subfield></datafield><datafield ind1=" " ind2=" " tag="260"><subfield code="a">Superior, Wis. :</subfield><subfield code="b">Co-operative Central Exchange,</subfield><subfield code="c">1930-1965.</subfield></datafield><datafield ind1=" " ind2=" " tag="300"><subfield code="a">v. :</subfield><subfield code="b">ill. ;</subfield><subfield code="c">44 cm.</subfield></datafield><datafield ind1=" " ind2=" " tag="310"><subfield code="a">Semimonthly,</subfield><subfield code="b">June 4, 1964-Mar. 4, 1965</subfield></datafield><datafield ind1=" " ind2=" " tag="321"><subfield code="a">Weekly,</subfield><subfield code="b">Jan. 9, 1930-May 28, 1964</subfield></datafield><datafield ind1="0" ind2=" " tag="362"><subfield code="a">Vol. 1, no. 1 (Jan. 9, 1930)-v. 37, no. 5 (Mar. 4, 1965).</subfield></datafield><datafield ind1=" " ind2=" " tag="500"><subfield code="a">"Tyo&#776;la&#776;isten ja tyo&#776;ta&#776;tekevien farmarien osuuskuntien a&#776;a&#776;nenkannattaja."</subfield></datafield><datafield ind1=" " ind2=" " tag="546"><subfield code="a">In Finnish.</subfield></datafield><datafield ind1=" " ind2="0" tag="650"><subfield code="a">Finns</subfield><subfield code="z">Wisconsin</subfield><subfield code="v">Newspapers.</subfield></datafield><datafield ind1=" " ind2="0" tag="651"><subfield code="a">Superior (Wis.)</subfield><subfield code="v">Newspapers.</subfield></datafield><datafield ind1=" " ind2="0" tag="651"><subfield code="a">Douglas County (Wis.)</subfield><subfield code="v">Newspapers.</subfield></datafield><datafield ind1=" " ind2="7" tag="655"><subfield code="a">Newspapers.</subfield><subfield code="2">fast</subfield><subfield code="0">(OCoLC)fst01423814</subfield></datafield><datafield ind1=" " ind2="7" tag="650"><subfield code="a">Finns.</subfield><subfield code="2">fast</subfield><subfield code="0">(OCoLC)fst00925139</subfield></datafield><datafield ind1=" " ind2="7" tag="651"><subfield code="a">Wisconsin.</subfield><subfield code="2">fast</subfield><subfield code="0">(OCoLC)fst01204595</subfield></datafield><datafield ind1=" " ind2="7" tag="651"><subfield code="a">Wisconsin</subfield><subfield code="z">Douglas County.</subfield><subfield code="2">fast</subfield><subfield code="0">(OCoLC)fst01215586</subfield></datafield><datafield ind1=" " ind2="7" tag="651"><subfield code="a">Wisconsin</subfield><subfield code="z">Superior.</subfield><subfield code="2">fast</subfield><subfield code="0">(OCoLC)fst01211147</subfield></datafield><datafield ind1=" " ind2=" " tag="752"><subfield code="a">United States</subfield><subfield code="b">Wisconsin</subfield><subfield code="c">Douglas</subfield><subfield code="d">Superior.</subfield></datafield><datafield ind1="0" ind2="0" tag="780"><subfield code="t">Keskusosuuskunnan tiedonantaja</subfield><subfield code="w">(OCoLC)11625929</subfield></datafield></record>